@online{Syllabus,
  language = {bg},
  title = {Конспект за ДИ за спец. статистика},
  url = {https://intranet.fmi.uni-sofia.bg/index.php/s/KOTdUnmqbrnd0sX},
  urldate = {2019-03-24},
  year = {2018}
}

@misc{Божкова2012Лекции,
  author = {Марусия Божкова},
  edition = {2012-06-28},
  language = {bg},
  title = {Случайни процеси},
  url = {https://sites.google.com/site/sluchproc/},
  year = {2012}
}

@book{Боровков1999Вероятности,
  author = {Александр Александрович Боровков},
  edition = {3},
  isbn = {5901006666},
  language = {ru},
  publisher = {Едиториал УРСС},
  title = {Теория вероятностей},
  year = {1999}
}

@article{Halidias2017,
  archiveprefix = {arXiv},
  author = {Nikolaos Halidias},
  eprint = {1707.08827v2},
  language = {en},
  month = {jul},
  primaryclass = {math.PR},
  title = {Ergodic Theorems for discrete Markov chains},
  url = {http://arxiv.org/abs/1707.08827v2},
  year = {2017}
}
