@online{Syllabus,
  language = {bulgarian},
  title = {Конспект за ДИ за спец. статистика},
  url = {https://intranet.fmi.uni-sofia.bg/index.php/s/KOTdUnmqbrnd0sX},
  urldate = {2019-03-24},
  year = {2018}
}

@book{Knapp2016BasicAlgebra,
  author = {Anthony Knapp},
  edition = {Digital Second Edition},
  language = {english},
  title = {Basic Algebra},
  url = {http://www.math.stonybrook.edu/~aknapp/},
  year = {2016}
}

@online{RoyachkiNotes,
  author = {Александър Роячки},
  language = {bulgarian},
  title = {Разписани лекции по висша алгебра},
  url = {https://debian.fmi.uni-sofia.bg/study/materials/va/lectures/},
  urldate = {2019-07-04},
  year = {2013}
}

@online{PolynomialExercises,
  author = {Азнив Каспарян},
  language = {bulgarian},
  title = {Примерни задачи за полиноми за спец. КН},
  url = {https://my.pcloud.com/publink/show?code=kZEsNWZ85cYym2f0jh9ryV05aw254DQvlUV#folder=31576956},
  urldate = {2019-06-14},
  year = {2015}
}

@book{Обрешков1962ВисшаАлгебра,
  author = {Никола Обрешков},
  date = {1962},
  language = {bulgarian},
  publisher = {Наука и изкуство},
  edition = {5},
  title = {Висша алгебра}
}

@book{ГеновМиховскиМоллов1991Алгебра,
  author = {Георги Генов and Стоил Миховски and Тодор Моллов},
  date = {1991},
  language = {bulgarian},
  publisher = {Наука и изкуство},
  title = {Алгебра с теория на числата}
}

@book{Rotman2015AlgebraVol1,
  author = {Joseph J. Rotman},
  date = {2015-11-30},
  isbn = {978-1-4704-1554-9},
  language = {english},
  number = {165},
  publisher = {American Mathematical Society},
  series = {Graduate Studies in Mathematics},
  title = {Advanced Modern Algebra},
  volume = {1}
}

@book{Knuth1997ArtVol2,
  author = {Donald Knuth},
  date = {1997},
  edition = {3},
  isbn = {978-0-201-89684-8},
  language = {english},
  publisher = {Addison-Wesley},
  subtitle = {Seminumerical Algorithms},
  title = {The Art of Computer Programming},
  volume = {2}
}

@article{Horner1819SolvingNumericalEquations,
  author = {William George Horner},
  date = {1819-12-31},
  doi = {10.1098/rstl.1819.0023},
  issn = {0261-0523},
  journal = {Philosophical Transactions of the Royal Society of London},
  language = {english},
  pages = {308-335},
  publisher = {The Royal Society},
  title = {XXI. A new method of solving numerical equations of all orders, by continuous approximation},
  volume = {109}
}
