@online{Syllabus,
    title = {Конспект за ДИ за спец. статистика},
    year = {2018},
    url = {https://intranet.fmi.uni-sofia.bg/index.php/s/KOTdUnmqbrnd0sX},
    urldate = {2019-03-24}
}

@online{Notes,
    author = {Богдан Александров (лекции) and Станислав Иванов (упражнения) and Янис Василев (записки)},
    title = {Записки от лекции и упражнения по АГ},
    year = {2019},
    url = {https://ivasilev.net/ФМИ/АГ/},
    urldate = {2019-01-19}
}
