@online{Syllabus,
  title = {Конспект за ДИ за спец. статистика},
  year = {2018},
  url = {https://intranet.fmi.uni-sofia.bg/index.php/s/KOTdUnmqbrnd0sX},
  urldate = {2019-03-24}
}
