@online{Syllabus,
  title = {Конспект за ДИ за спец. статистика},
  year = {2018},
  url = {https://intranet.fmi.uni-sofia.bg/index.php/s/KOTdUnmqbrnd0sX},
  urldate = {2019-03-24}
}

@online{SESummer2014,
  title = {Задачи за ДИ за спец. статистика},
  subtitle = {Поправителен изпит},
  year = {2014},
  url = {https://intranet.fmi.uni-sofia.bg/index.php/s/v5CMDRQNOMXjYOO},
  urldate = {2019-06-20}
}

@online{SESummer2016,
  title = {Задачи за ДИ за спец. статистика},
  subtitle = {Поправителен изпит},
  year = {2016},
  url = {https://intranet.fmi.uni-sofia.bg/index.php/s/ictJ7xGqzZvgX40},
  urldate = {2019-06-20}
}

@book{Borovkov,
  author = {Александр Александрович Боровков},
  title = {Теория вероятностей},
  edition = {Третье издание},
  year = {1999},
  isbn = {5901006666},
  publisher = {Едиториал УРСС},
  langid = {russian}
}

@book{DimitrovYanev,
  author = {Боян Димитров and Николай Янев},
  title = {Вероятности и статистика},
  edition = {Второ издание},
  year = {2007},
  isbn = {9789548495332},
  publisher = {Софтех}
}
