@online{Syllabus,
  title = {Конспект за ДИ за спец. статистика},
  year = {2018},
  url = {https://intranet.fmi.uni-sofia.bg/index.php/s/KOTdUnmqbrnd0sX},
  urldate = {2019-03-24}
}

@book{DimitrovYanev,
  author = {Боян Димитров and Николай Янев},
  title = {Вероятности и статистика},
  edition = {Второ издание},
  year = {2007},
  isbn = {9789548495332},
  publisher = {Софтех}
}

@online{ASLectures,
  title = {Приложна статистика 1},
  author = {Димитър Въндев},
  year = {2002},
  url = {https://store.fmi.uni-sofia.bg/fmi/statist/personal/vandev/lectures/applstat.pdf},
  urldate = {2018-11-27}
}
