@online{Syllabus,
  title = {Конспект за ДИ за спец. статистика},
  year = {2018},
  url = {https://intranet.fmi.uni-sofia.bg/index.php/s/KOTdUnmqbrnd0sX},
  urldate = {2019-03-24}
}

@online{SEAutumn2011,
  title = {Задачи за ДИ за спец. статистика},
  subtitle = {Редовен изпит},
  year = {2011},
  url = {https://intranet.fmi.uni-sofia.bg/index.php/s/JcrsrbN69QjtfGu},
  urldate = {2019-07-04}
}

@online{RoyachkiNotes,
  author = {Александър Роячки},
  title = {Разписани лекции ВА},
  url = {https://debian.fmi.uni-sofia.bg/study/materials/la/lectures/},
  urldate = {2019-07-04}
}

@book{Knapp,
  author = {Anthony Knapp},
  title = {Basic Algebra},
  edition = {Digital Second Edition},
  year = {2016},
  url = {http://www.math.stonybrook.edu/~aknapp/},
  urldate = {2019-02-28},
  langid = {english}
}
